@BOOK{1,
AUTHOR="Daneshmand and alt",
TITLE="Variable Horizon MPC with Swing Foot Dynamics
for Bipedal Walking Control",
YEAR="2015",
}


@misc{2,
	author = {},
	title = "open robot actuator hardware BOLT - github.com",
	howpublished = {\url{https://github.com/open-dynamic-robot-initiative/open_robot_actuator_hardware/blob/master/mechanics/biped_6dof_v1/README.md}},
	year="",
}



@misc{3,
	author = "Grant Sanderson and Ben Eater",
	title = "Quaternions - 3B1B and eater",
	howpublished = {\url{https://eater.net/quaternions}},
	year="",
}

@BOOK{4,
AUTHOR="Yan-Bin Jia",
TITLE="Quaternions and Rotations",
YEAR="2013",
}




@misc{5,
	author = {Olivier Stasse},
	title = "Git Bolt Ros2",
	howpublished = {\url{https://github.com/stack-of-tasks/odri_bolt_robot}},
	year=""
}



@BOOK{6,
AUTHOR="Médéric Fourmy and Thomas Flayols and Pierre-Alexandre Léziart and Nicolas Mansard and Joan Solà",
TITLE="Contact Forces Preintegration for Estimation in Legged Robotics using Factor Graphs",
YEAR="2021"
}



@misc{7,
	author = {Guihem Saurel and Thomas Fayols et alt.},
	title = "Git quadruped reactive walking",
	howpublished = {\url{https://github.com/Gepetto/quadruped-reactive-walking/tree/main/scripts}},
	year=""
}



@BOOK{8,
AUTHOR="Mehdi Benallegue and Rafael Cisneros and Abdelaziz Benallegue and Yacine Chitour and Mitsuharu Morisawa and Fumio Kanehiro",
TITLE="Lyapunov-stable orientation estimator for humanoid robots",
YEAR="2020",
}

% utile pour les slips et trust
@BOOK{9,
AUTHOR="Marco Camurri and Maurice Fallon and Stéphane Bazeille and Andreea Radulescu and Victor Barasuol and Darwin G. Caldwell and Claudio Semini",
TITLE="Probabilistic Contact Estimation and Impact Detection for State Estimation of Quadruped Robots",
YEAR="2018",
}

% utile pour les équations générales de la dynamique
@BOOK{10,
AUTHOR="ETH Zurich",
TITLE="Robot Dynamics Lecture Notes, pp.72-73",
YEAR="2017",
}


% utile pour IMU
@misc{11,
	author = {Lord Electronics},
	title = "Bolt's IMU",
	howpublished = {\url{https://www.microstrain.com/inertial-sensors/3dm-cx5-25}},
	year=""
}

% utile pour rien
@misc{12,
	author = {Paul Rouanet},
	title = "Fabrication et programmation d’un robot bipède Bolt",
	howpublished = {\url{https://hal-lirmm.ccsd.cnrs.fr/LAAS-GEPETTO/hal-03347986v1}},
	year=""
}


% utile pour compleme,tary filter
@misc{13,
	author = {F Kung},
	title = "Complementary filter",
	howpublished = {\url{https://fkeng.blogspot.com/2018/05/digital-implementation-of-complementary.html}},
	year=""
}

% inspire sans impl.

@BOOK{14,
AUTHOR="Shuo Yang and Hans Kumar and Zhaoyuan Gua and Xiangyuan Zhang et alt",
TITLE="State Estimation for Legged Robots Using Contact-Centric Leg Odometry",
YEAR="2019",
}
% utile pour la commande
@misc{15,
	author = {Constant Roux},
	title = "Constant Roux Github",
	howpublished = {\url{https://github.com/ConstantRoux}},
	year=""
}















