@BOOK{Daneshmand_2015,
AUTHOR="Daneshmand and alt",
TITLE="Variable Horizon MPC with Swing Foot Dynamics
for Bipedal Walking Control",
YEAR="2015",
}


@misc{Git_hardware_bolt,
	author = {},
	title = "open robot actuator hardware BOLT - github.com",
	howpublished = {\url{https://github.com/open-dynamic-robot-initiative/open_robot_actuator_hardware/blob/master/mechanics/biped_6dof_v1/README.md}},
	year="",
}



@misc{quaternion_3b1b,
	author = "Grant Sanderson and Ben Eater",
	title = "Quaternions - 3B1B and eater",
	howpublished = {\url{https://eater.net/quaternions}},
	year="",
}

@BOOK{quaternion_Yan-Bin_Jia,
AUTHOR="Yan-Bin Jia",
TITLE="Quaternions and Rotations",
YEAR="2013",
}




@misc{Git_OStasse,
	author = {Olivier Stasse},
	title = "Git Bolt Ros2",
	howpublished = {\url{https://github.com/stack-of-tasks/odri_bolt_robot}},
	year=""
}



@BOOK{Fourmy_Fayols_2021,
AUTHOR="Médéric Fourmy and Thomas Flayols and Pierre-Alexandre Léziart and Nicolas Mansard and Joan Solà",
TITLE="Contact Forces Preintegration for Estimation in Legged Robotics using Factor Graphs",
YEAR="2021"
}


% manquant (7)
@misc{Git_reactive_walking,
	author = {Guihem Saurel and Thomas Fayols et alt.},
	title = "Git quadruped reactive walking",
	howpublished = {\url{https://github.com/Gepetto/quadruped-reactive-walking/tree/main/scripts}},
	year=""
}


% En tapant le titre sur internet tu peux recuperer le bibtex directement.
% Ici il vient de: https://arxiv.org/abs/2010.04401
% Dans la colonne de droite "Access Paper", tu as "Export BibTex Citation".
@article{Benallegue_2020,
   title={Lyapunov-Stable Orientation Estimator for Humanoid Robots},
   volume={5},
   ISSN={2377-3774},
   url={http://dx.doi.org/10.1109/LRA.2020.3013854},
   DOI={10.1109/lra.2020.3013854},
   number={4},
   journal={IEEE Robotics and Automation Letters},
   publisher={Institute of Electrical and Electronics Engineers (IEEE)},
   author={Benallegue, Mehdi and Cisneros, Rafael and Benallegue, Abdelaziz and Chitour, Yacine and Morisawa, Mitsuharu and Kanehiro, Fumio},
   year={2020},
   month=oct, pages={6371–6378} }



% utile pour les slips et trust (9)
@BOOK{Camurri_2018,
AUTHOR="Marco Camurri and Maurice Fallon and Stéphane Bazeille and Andreea Radulescu and Victor Barasuol and Darwin G. Caldwell and Claudio Semini",
TITLE="Probabilistic Contact Estimation and Impact Detection for State Estimation of Quadruped Robots",
YEAR="2018",
}

% utile pour les équations générales de la dynamique
@BOOK{ETH_Zurich,
AUTHOR="ETH Zurich",
TITLE="Robot Dynamics Lecture Notes, pp.72-73",
YEAR="2017",
}


% utile pour IMU (11)
@misc{IMU_datasheet,
	author = {Lord Electronics},
	title = "Bolt's IMU",
	howpublished = {\url{https://www.microstrain.com/inertial-sensors/3dm-cx5-25}},
	year=""
}

% le stagiaire qui a imprimé les pièces
@misc{Rapport_Rouanet,
	author = {Paul Rouanet},
	title = "Fabrication et programmation d’un robot bipède Bolt",
	howpublished = {\url{https://hal-lirmm.ccsd.cnrs.fr/LAAS-GEPETTO/hal-03347986v1}},
	year=""
}


% utile pour complementary filter
@misc{CF_Kung,
	author = {F Kung},
	title = "Complementary filter",
	howpublished = {\url{https://fkeng.blogspot.com/2018/05/digital-implementation-of-complementary.html}},
	year=""
}

% inspire sans impl.

@BOOK{Yang_2019,
AUTHOR="Shuo Yang and Hans Kumar and Zhaoyuan Gua and Xiangyuan Zhang et alt",
TITLE="State Estimation for Legged Robots Using Contact-Centric Leg Odometry",
YEAR="2019",
}


@misc{Git_NAlbrecht,
	author = {Niels Albrecht},
	title = "Niels Albrecht Github",
	howpublished = {\url{https://github.com/nnniels/Bolt-robot-Estimator}},
	year="2024"
}

% utile pour la commande
@misc{Git_CRoux,
	author = {Constant Roux},
	title = "Constant Roux Github",
	howpublished = {\url{https://github.com/ConstantRoux}},
	year=""
}

















